<?xml version="1.0" encoding="UTF-8"?><collection xmlns="http://www.loc.gov/MARC21/slim"><record><leader>00504nam--2200193-u-4500</leader><controlfield tag="001">000052290</controlfield><controlfield tag="002">20161230</controlfield><controlfield tag="005">20161230201050</controlfield><controlfield tag="008">100610s1000------------r-----000-0-rus-d</controlfield><datafield ind1=" " ind2=" " tag="040"><subfield code="a">IFIN-HH</subfield></datafield><datafield ind1=" " ind2=" " tag="041"><subfield code="a">rus</subfield></datafield><datafield ind1=" " ind2=" " tag="080"><subfield code="a">681.586</subfield></datafield><datafield ind1="1" ind2=" " tag="100"><subfield code="a">Viksna, A.J</subfield></datafield><datafield ind1="1" ind2="0" tag="245"><subfield code="a">Stohasticeskoe funktionalnoe preovrazovanie</subfield><subfield code="b">Modeli, prilojeniia</subfield><subfield code="c">A.J. Viksna ; M.A. Elsts</subfield></datafield><datafield ind1=" " ind2=" " tag="260"><subfield code="a">Riga</subfield><subfield code="b">Zinatne</subfield><subfield code="c">1984</subfield></datafield><datafield ind1=" " ind2=" " tag="300"><subfield code="a">173 p</subfield></datafield><datafield ind1="1" ind2=" " tag="700"><subfield code="a">Elsts, M.A</subfield></datafield><datafield ind1=" " ind2=" " tag="852"><subfield code="a">72382</subfield><subfield code="c">519.2</subfield></datafield><datafield ind1=" " ind2=" " tag="CAT"><subfield code="a">Sys</subfield><subfield code="c">20100610</subfield><subfield code="h">151053</subfield></datafield></record></collection>